@article{Day2016,
abstract = {Abstract Recent studies have described the potential for ″collider bias ″to modify the magnitude of genotype-phenotype associations, however the extent to which this effect can induce a completely false-positive association remains unclear. In a sample of 142,630 ...},
author = {Day, Felix R. and Loh, Po Ru and Scott, Robert A. and Ong, Ken K. and Perry, John R.B.},
doi = {10.1016/j.ajhg.2015.12.019},
file = {:Users/valeriebradley/Documents/Oxford/mini-project-1/papers/selection-bias/collider-bias-example.pdf:pdf},
issn = {15376605},
journal = {American Journal of Human Genetics},
keywords = {selection bias},
mendeley-tags = {selection bias},
number = {2},
pages = {392--393},
publisher = {The American Society of Human Genetics},
title = {{A Robust Example of Collider Bias in a Genetic Association Study}},
url = {http://dx.doi.org/10.1016/j.ajhg.2015.12.019},
volume = {98},
year = {2016}
}
